%% This BibTeX bibliography file was created using BibDesk.
%% http://bibdesk.sourceforge.net/

%% Created for apple at 2018-03-24 01:00:37 +0800 


%% Saved with string encoding Unicode (UTF-8) 


@comment{jabref-meta: databaseType:bibtex;}



@conference{Pitakrat2013,
	Author = {Teerat Pitakrat and Andre van Hoorn and Lars Grunske},
	Booktitle = {ISARCS},
	Date-Added = {2018-03-23 16:58:58 +0000},
	Date-Modified = {2018-03-23 17:00:36 +0000},
	Title = {A Comparison of Machine Learning Algorithms for Proactive Hard Disk Drive Failure Detection},
	Year = {2013}}

@article{Hughes2002,
	Author = {Gordon F. Hughes and Joseph F. Murray and Kenneth Kreutz-Delgado and Charles Elkan},
	Date-Added = {2018-03-23 16:09:50 +0000},
	Date-Modified = {2018-03-23 16:12:00 +0000},
	Journal = {IEEE Transactions on Reliability},
	Number = {3},
	Pages = {350-357},
	Title = {Improved Disk-Drive Failure Warnings},
	Volume = {51},
	Year = {2002}}

@article{Wiki,
	Author = {Wikipedia},
	Title = {Receiver Operating Characterisitc},
	Url = {https://en.wikipedia.org/wiki/Receiver_operating_characteristic#Area_under_the_curve},
	Bdsk-Url-1 = {https://en.wikipedia.org/wiki/Receiver_operating_characteristic#Area_under_the_curve}}

@article{Wiki-smart,
	Author = {Wikipedia},
	Title = {S.M.A.R.T.},
	Url = {https://en.wikipedia.org/wiki/S.M.A.R.T.},
	Bdsk-Url-1 = {https://en.wikipedia.org/wiki/S.M.A.R.T.}}

@inproceedings{Pinheiro2007,
	Author = {Eduardo Pinheiro and Wolf-Dietrich Weber and Luiz Andr{\'e} Barroso},
	Journal = {Proceedings of the 5th USENIX Conference on File and Storage Technologies},
	Title = {Failure Trends in a Large Disk Drive Population},
	Year = {2007}}
